@report{stardRep,
author ={Asmussen,B. and  Margiocchi, F. and  Betgen,B. and Thompson, D. and Venghaus, H. and Kitson , P. } ,
title = {STARDAMP},
institution = {DEUFRAKO},
date = {2013},
subtitle ={Final report}
}

@report{stardVal,
author =  {Martinot-Lagarde, A.},
title = {STARDAMP},
institution = {DEUFRAKO and DB},
date = {2013},
subtitle = {Validation of the STARDAMP tool}
}

@report{sbbCarPSuV,
author = {Venghaus, H.},
title = {Track Decay Rate (TDR) Messungen Parkplatztest} ,
institution = { S\&V},
subtitle = {Messung und Analyse der Wirkung von Schwingungsabsorbern auf weich gelagerten Schienen},
date={2012}
}

@report{sbbCarPTATA,
author = {Kitson, P.},
title = {Measurement of Track Decay Rates for four damper Types},
institution = {TATA },
date={2012}
}

@report{sbbCarPStat,
author    = {Oertli, J.},
title     = {Erprobung Schienendämpfer},
subtitle = {Parkplatztest, statistische Auswertung},
institution = {SBB},
date      = {2012},
}

@report{sbbWCalc,
author    = {Scossa-Romano,E. and Oertli, J.},
title     = {Erprobung von Schienendämpfern },
subtitle ={ Wirkung von Schienendämpfern gemäss Stardamp Tool Berechnungen},
institution = {SBB},
date      = {2014},
}

@report{sbbHR,
author    = {Scossa-Romano, E. and Oertli, J.},
title     = {Erprobung von Schienendämpfern },
subtitle ={ },
institution = {SBB},
date      = {2014},
}


@report{MbbmNetzM,
author    =  {Belcher,D. and  Gutmann, C. and Lutzenberger, S. },
title     = {Erprobung von Schienendämpfern},
subtitle ={TDR-Messungen an 18 Messstandortenim Schweizer Schienennetz},
institution ={MBBM and SBB},
date      = {2013},
}
@report{MbbmFX,
author    =  {Belcher,D. and  Gutmann, C. and Lutzenberger , S. },
title     = {Erprobung von Schienendämpfern},
subtitle ={TDR-Messungen an 18 Messstandortenim Schweizer Schienennetz},
institution ={MBBM and SBB},
date      = {2013},
}
@report{ProseKehrz,
author    =  {Christian Czolbe },
title     = {Feldversuch Schienenabsorber BLS 2010},
subtitle ={Ergebnisse der Lärmminderung und Abklingraten},
institution ={PROSE},
date      = {2010},
}

 @Manual{R,
    title = {R: A Language and Environment for Statistical Computing},
    author = {{R Core Team}},
    organization = {R Foundation for Statistical Computing},
    address = {Vienna, Austria},
    year = {2013},
    url = {http://www.R-project.org/},
  }


